<record><leader>00000cas a2200000 a 4500</leader><controlfield tag="001">11431259</controlfield><controlfield tag="008">841128d18581868paudn ne      0    0eng c</controlfield><datafield ind1=" " ind2=" " tag="010"><subfield code="a">sn 84035983 </subfield></datafield><datafield ind1=" " ind2=" " tag="040"><subfield code="a">NYG</subfield><subfield code="b">eng</subfield><subfield code="c">NYG</subfield><subfield code="d">NPH</subfield><subfield code="d">DLC</subfield><subfield code="d">NPX</subfield><subfield code="d">NJW</subfield><subfield code="d">NPH</subfield><subfield code="d">MFN</subfield><subfield code="d">NPH</subfield><subfield code="d">KNP</subfield><subfield code="d">CNK</subfield><subfield code="d">FUG</subfield><subfield code="d">OCL</subfield><subfield code="d">DLC</subfield><subfield code="d">OCLCQ</subfield><subfield code="d">DLC</subfield><subfield code="d">KRTAS</subfield><subfield code="d">OCLCQ</subfield><subfield code="d">OCLCF</subfield><subfield code="d">OCLCO</subfield></datafield><datafield ind1=" " ind2=" " tag="042"><subfield code="a">pcc</subfield></datafield><datafield ind1=" " ind2=" " tag="043"><subfield code="a">n-us-pa</subfield></datafield><datafield ind1="0" ind2="0" tag="050"><subfield code="a">Newspaper 9375-X</subfield></datafield><datafield ind1="0" ind2="0" tag="245"><subfield code="a">Daily patriot and union.</subfield></datafield><datafield ind1="1" ind2="3" tag="246"><subfield code="a">Patriot and daily union</subfield></datafield><datafield ind1="3" ind2="0" tag="246"><subfield code="a">Patriot union</subfield></datafield><datafield ind1="1" ind2="3" tag="246"><subfield code="a">Patriot &amp; union</subfield></datafield><datafield ind1="3" ind2=" " tag="246"><subfield code="a">Patriot and union</subfield></datafield><datafield ind1=" " ind2=" " tag="260"><subfield code="a">Harrisburg, Pa. :</subfield><subfield code="b">O. Barrett &amp; Co.,</subfield><subfield code="c">-1868.</subfield></datafield><datafield ind1=" " ind2=" " tag="300"><subfield code="a">v.</subfield></datafield><datafield ind1=" " ind2=" " tag="310"><subfield code="a">Daily (except Sunday)</subfield></datafield><datafield ind1="1" ind2=" " tag="362"><subfield code="a">Began in 1858.</subfield></datafield><datafield ind1="0" ind2=" " tag="362"><subfield code="a">-June 6, 1868.</subfield></datafield><datafield ind1=" " ind2=" " tag="500"><subfield code="a">"Daily" appears within title ornament, &lt;1859&gt;-1868; "and" appears within title ornament, &lt;1863-1864&gt;.</subfield></datafield><datafield ind1=" " ind2=" " tag="500"><subfield code="a">Publisher varies.</subfield></datafield><datafield ind1=" " ind2=" " tag="530"><subfield code="a">Available on microfilm from Microfilm Corp. of Pa. and Bell &amp; Howell Information and Learning.</subfield></datafield><datafield ind1=" " ind2=" " tag="580"><subfield code="a">Weekly eds.: Patriot and union; Weekly patriot and union.</subfield></datafield><datafield ind1=" " ind2=" " tag="588"><subfield code="a">Description based on: Vol. 1, no. 47 (Oct. 25, 1858).</subfield></datafield><datafield ind1=" " ind2="0" tag="651"><subfield code="a">Harrisburg (Pa.)</subfield><subfield code="v">Newspapers.</subfield></datafield><datafield ind1=" " ind2="0" tag="651"><subfield code="a">Dauphin County (Pa.)</subfield><subfield code="v">Newspapers.</subfield></datafield><datafield ind1=" " ind2="7" tag="655"><subfield code="a">Newspapers.</subfield><subfield code="2">fast</subfield><subfield code="0">(OCoLC)fst01423814</subfield></datafield><datafield ind1=" " ind2="7" tag="651"><subfield code="a">Pennsylvania</subfield><subfield code="z">Dauphin County.</subfield><subfield code="2">fast</subfield><subfield code="0">(OCoLC)fst01212397</subfield></datafield><datafield ind1=" " ind2="7" tag="651"><subfield code="a">Pennsylvania</subfield><subfield code="z">Harrisburg.</subfield><subfield code="2">fast</subfield><subfield code="0">(OCoLC)fst01204725</subfield></datafield><datafield ind1=" " ind2=" " tag="752"><subfield code="a">United States</subfield><subfield code="b">Pennsylvania</subfield><subfield code="c">Dauphin</subfield><subfield code="d">Harrisburg.</subfield></datafield><datafield ind1="1" ind2=" " tag="775"><subfield code="t">Patriot and union</subfield><subfield code="w">(DLC)sn 86071503</subfield><subfield code="w">(OCoLC)2265754</subfield></datafield><datafield ind1="1" ind2=" " tag="775"><subfield code="t">Weekly patriot and union</subfield><subfield code="w">(DLC)sn 83032131</subfield><subfield code="w">(OCoLC)10236565</subfield></datafield><datafield ind1="0" ind2="0" tag="785"><subfield code="t">Morning patriot</subfield><subfield code="w">(DLC)sn 86071440</subfield><subfield code="w">(OCoLC)12961081</subfield></datafield><datafield ind1=" " ind2=" " tag="938"><subfield code="a">Kirtas Technologies, Inc.</subfield><subfield code="b">KRTS</subfield><subfield code="n">738906</subfield></datafield></record>